@article{ref:all_about_audio,
    Org-Short     = {Appl. Sci.},
    Organization  = {Applied Sciences},
    Publisher     = {Applied Sciences},
	Author        = {Vesa V{\"a}lim{\"a}ki and Joshua D. Reiss},
	Title         = {All About Audio Equalization: Solutions and Frontiers.},
    Url           = {https://doi.org/10.3390/app6050129},
	Urlaccessdate = {13 abr. 2024},
    Address       = {Finl√¢ndia},
    Volume        = {6(5)},
    Number        = {129},
    journal       = {MDPI},
	Year          = {2016}}
    