@book{7.1.1.exemplo1,
    author     = "LUCK, Heloisa",
    title      = "Lideran{\c{c}}a em gest{\~a}o escolar",
    edition    = "4",
    address    = "Petr{\'o}polis",
    publisher  = "Vozes",
    year       = "2010",
    dimensions = "18 cm.",
    ISBN       = "978-85-3263-62-01",

    annote     = "\par
        7.1 Monografia no todo \par 
        7.1.1 Livros de autoria e editados, folheto, ... em meio digital ou 
        n{\~a} \par
        autor (author), t{\'i}tulo (title), subt{\'i}tulo (subtitle), 
        edi{\c{c}}{\~a}o (edition), local (address), editora (publisher),
        data de publica{\c{c}}{\~a}o (month/year), e elementos complementares"
}

@book{7.1.1.exemplo2,
    author     = "Zygmunt Bauman",
    title      = "Globaliza{\c{c}}{\~a}o",
    subtitle   = "as conseq{\"u}{\^e}ncias humanas",
    address    = "Rio de Janeiro",
    publisher  = "Jorge Zahar",
    year       = "1999",
    ISBN       = "85-7110-495-6",
    translated = "Marcus Penchel",
    note       = "T{\'i}tulo original: Globalization: the human consequences"
}

@book{7.1.1.exemplo3,
    author     = "Gomes, A. C. and Vechi, C. A.",
    title      = "Est{\'a}tica rom{\^a}ntica",
    subtitle   = "textos doutrin{\'a}rios comentados",
    address    = "S{\~a}o Paulo",
    publisher  = "Atlas",
    translated = "Maria Antonia Sim{\~o}es Nunes and Du{\'i}lio Colombini",
    year       = "1992"
}

@thesis{7.1.2.exemplo1,
    author  = "Andr{\'e} Andrade de Aguiar",
    title   = "Avalia{\c{c}}{\~a}o da microbiota bucal em paciantes sob uso de penicilina e benzatina",
    year    = "2009",
    year-presented = "2009",
    type    = "Tese ({D}outorado em {C}ardiologia)",
    school  = "Faculdade de Medicina, Universidade de S{\~a}o Paulo",
    address = "S{\~a}o Paulo",

    annote  = "\par
        7.1 Monografia no todo \par 
        7.1.2 Trabalhos acad{\^e}micos \par
        autor (author), t{\'i}tulo (title), subt{\'i}tulo (subtitle),
        ano de dep{\'o}sito (year), tipo de trabalho (type) - tese, 
        disserta{\c{c}}{\~a}o, trabalho de conclus{\~a}o de curso, ... - grau (?),
        vincula{\c{c}}{\~a}o acad{\^e}mica (school), data de apresenta{\c{c}}{\~a}o ou defesa (year)"
}

@thesis{7.1.2.exemplo2,
    author   = "Daian P{\'e}ricles Alvez",
    title    = "Implement{\c{c}}{\~a}o de conceitos de manufatura colaborativa",
    subtitle = "um projeto virtual",
    year     = "2008",
    year-presented = "2008",
    type     = "{T}rabalho de {C}onclus{\~a}o de {C}urso ({B}acharelado em {E}ngenharia {I}ndustrial {M}ec{\^a}nica)",
    school   = "Universidade Tecnol{\'o}gica Federal do Paran{\'a}",
    address  = "Curitiba"
}

@thesis{7.1.2.exemplo3,
    author  = "Ana L{\'u}cia Aquilas Rodrigues",
    title   = "Impacto de um programa de exerc{\'i}cios no local de trabalho sobre o n{\'i}vel de atividade f{\'i}sica e o est{\'a}gio de prontid{\~a}o para a mudan{\c{c}}a de comportamento",
    year    = "2009",
    year-presented = "2009",
    type    = "{D}isserta{\c{c}}{\~a}o ({M}estrado em {F}isiopatologia {E}xperimental)",
    school  = "Faculdade de Medicina, Universidade de S{\~a}o Paulo",
    address = "S{\~a}o Paulo"
}

@book{7.2.exemplo1,
    author       = "Andr{\'e} Koogan",
    editor       = "Ant{\^o}nio Houaiss",
    title        = "Enciclop{\'e}dia e dicion{\'a}rio digital 90",
    address      = "S{\~a}o Paulo",
    publisher    = "Estadão",
    year         = "1988",
    howpublished = "5 CD-ROM",

    annote       = "\par
        Para documentos em meio eletr{\^o}nico acrescentar descri{\c{c}}{\~a}o 
        f{\'i}sica do suporte (howpublished) - CD, DVD, pen-drive, e-book, 
        blu-ray disc e outros - n{\'u}mero DOI (doi), data de acesso 
        (urldate/urlaccessdate), url de acesso (url)"
}

@book{7.2.exemplo2,
    author       = "Thais Godinho",
    title        = "Vida organizada",
    subtitle     = "como definir prioridades e transformar seus sonhos em objetivos",
    address      = "S{\~a}o Paulo",
    publisher    = "Gente",
    year         = "2014",
    howpublished = "E-book"
}

@book{7.2.exemplo3,
    author       = "Agemir Bavaresco and Evandro Barbosa",
    organizer    = "Katia Martin Etcheverry",
    title        = "Projetos de filosofia",
    address      = "Porto Alegre",
    publisher    = {EDIPUCRS},
    year         = "2011",
    howpublished = "E-book",
    isbn         = "978-85-397-0073-8",
    note         = "Cole{\c{c}}{\~a}o Filosofia",
    url          = "http://ebooks.pucrs.br/edipucrs/projetosdefilosofia.pdf",
    urldate      = "21-08-2011"
}

@thesis{7.2.exemplo4,
    author         = "Ana Cl{\'a}udia Coelho",
    title          = "Fatores determinantes de qualidade de vida f{\'i}sica e mental em pacientes com doen{\c{c}}a pulmonar intersticial",
    subtitle       = "uma an{\'a}lise multifatorial",
    year           = "2009",
    type           = "{D}isserta{\c{c}}{\~a}o ({M}estrado em {C}i{\^e}ncias {M}{\'e}dicas)",
    school         = "{F}aculdade de {M}edicina, {U}niversidade {F}ederal do {R}io {G}rande do {S}ul",
    address        = "Porto Alegre",
    year-presented = "2009",
    url            = "http://www.lume.ufrgs.br/bitstream/handle/10183/16359/000695147.pdf?sequence=1",
    urldate        = "04-09-2009"
}

@book{7.2.exemplo5,
    author    = "Castro Alves",
    title     = "Navio negreiro",
    publisher = "Virtual Books",
    year      = "2000",
    url       = "http://www.terra.com.br/virtualbooks/freebook/port/Lport2/navionegreiro.htm",
    urldate   = "10-01-2002"
}

@book{7.2.exemplo6,
    author    = "Consoli, R. A. G. B. and Oliveira, R. L.",
    title     = "Principais mosquitos de import{\^a}ncia sanit{\'a}ria no {B}rasil",
    address   = "Rio de Janeiro",
    publisher = "Editora Fiocruz",
    year      = "1994",
    url       = "http://www.fiocruz.br/editora/media/05-PMISB.pdf",
    urldate   = "04-09-2010"
}

@book{7.2.exemplo7,
    author    = "Benjamin Lowvinsohn",
    title     = "Performance-based contracting for health services in developing countries",
    subtitle  = "a toolkit",
    address   = "Washington, DC",
    publisher = "The World Bank",
    year      = "2008",
    note      = "Health, Nutrition, and Population Series",
    isbn      = "978-0-8213-7536-5",
    doi       = "10.1596/978-0-8213-7536-5",
    url       = "http://www.who.int/management/resources/finances/CoverSection1.pdf",
    urldate   = "07-05-2010"
}

@inbook{7.3.exemplo1,
    author       = "SANTOS, F. R.",
    title        = "A coloniza{\c{c}}{\~a}o da terra dos {T}ucuj{\'a}s",
    booktitle    = "Hist{\'o}ria do {A}map{\'a}",
    edition      = "2",
    address      = "Macap{\'a}",
    publisher    = "Valcan",
    year         = "1994",
    pages        = "15--24",

    annote       = "\par
        7.3 Parte de monografia\par
        Inclui se{\c{c}}{\~a}o, cap{\'i}tulo, volume, fragmento e outras partes de uma obra"
}

@incollection{7.7.1.exemplo1,
    title     = "Revista Brasileira de Geografia",
    year      = "1939-",
    address   = "Rio de Janeiro",
    publisher = "IBGE",
    issn      = "0034-723X",

    annote    = "\par
        7.7 Publica{\c{c}}{\~a}o Peri{\'o}dica\par
        7.7.1 Cole{\c{c}}{\~a}o de plica{\c{c}}{\~a}o Peri{\'o}dica\par
        t{\'i}tulo (title), subt{\'i}tulo (subtitle), local de 
        publica{\c{c}}{\~a}o (address), editora (publisher), datas de 
        in{\'i}cio e de encerramento da publica{\c{c}}{\~a}o (year), e ISSN (issn)"
}

@incollection{7.7.1.exemplo2,
    title     = "Nursing",
    year      = "1998-",
    address   = "S{\~a}o Paulo",
    publisher = "Ferreiro \& Bento",
    issn      = "1415-8264"
}

@incollection{7.7.1.exemplo3,
    title     = "Nursing",
    year      = "1998-",
    address   = "S{\~a}o Paulo",
    publisher = "Ferreiro \& Bento",
    issn      = "1415-8264"
}

@incollection{7.7.2exemplo1,
    title     = "{ACTA} Cir{\'u}rgica Brasileira",
    year      = "1977-",
    address   = "S{\~a}o Paulo",
    publisher = "Sociedade Brasileira para o Desenvolvimento da Pesquisa em Cirurgia",
    issn      = "1678-2674",
    url       = "https://www.scielo.br/j/acb/",
    urldate   = "22-05-2013"
}

@incollection{7.7.2exemplo2,
    title     = "Caderno Brasileiro de Ensino de Física",
    year      = "2008-",
    address   = "Florian{\'o}polis",
    publisher = "Universidade Federal de Santa Catarina",
    issn      = "2175-7941",
    doi       = "10.5007/2175-7941",
    url       = "https://periodicos.ufsc.br/index.php/fisica",
    urldate   = "22-05-2013"
}

@incollection{7.7.4.exemplo1,
    title     = "Dinheiro",
    subtitle  = "revista semanal de neg{\'o}cios",
    month     = "06",
    year      = "2000",
    address   = "S{\~a}o Paulo",
    publisher = "Tr{\^e}s",
    number    = "148"
}

@incollection{7.7.4.exemplo2,
    title        = "As 500 maiores empresas do {B}rasil",
    month        = "08",
    year         = "1984",
    address      = "Rio de Janeiro",
    publisher    = "FGV Editora",
    number       = "9",
    volume       = "38",
    howpublished = "Edi{\c{c}}{\~a}o Especial",
    note         = "Conjuntura Econ{\^o}mica"
}

@incollection{7.7.4.exemplo3,
    title        = "M{\~a}o-de-obra e previd{\^e}ncia",
    year         = "1983",
    address      = "Rio de Janeiro",
    publisher    = "IBGE",
    volume       = "7",
    howpublished = "Suplemento",
    note         = "Pesquisa Nacional por Amostra de Domic{\'i}lios"
}

@article{7.7.5.exemplo1,
    author  = "Gabriella de Lucca",
    title   = "Notas Curtas",
    month   = "jul./ago.",
    year    = "2009",
    address = "S{\~a}o Paulo",
    pages   = "9",
    journal = "Get{\'u}lio"
}

@article{7.7.5.exemplo2,
    author       = "Dorea, R. D. and Costa, J. M. and Ferreira, M. M. and Menezes, R. V. and Souza, T. S.",
    title        = "Ret{\'i}culoperitonite Traum{\'a}tica associada {\`a} esplenite e hepatite em bovino",
    subtitle     = "Relato de Caso",
    year         = "2011",
    address      = "S{\~a}o Paulo",
    volume       = "18",
    number       = "4",
    pages        = "199--202",
    journal      = "Veterin{\'a}ria e Zootecnica",
    howpublished = "Suplemento 3"
}

@article{7.7.5.exemplo3,
    author  = "Gisela Sekeff",
    title   = "O emprego dos sonhos",
    journal = "Domingo",
    address = "Rio de Janeiro",
    number  = "1344",
    pages   = "30--36",
    month   = "02",
    year    = "2002"
}

@article{7.7.5.exemplo4,
    author  = "TEICH, D. H.",
    title   = "A solução veio dos emergentes",
    month   = "05",
    year    = "2009",
    address = "S{\~a}o Paulo",
    number  = "9",
    pages   = "66--67",
    journal = "Exame",
    edition = "943"
}

@article{7.7.6.exemplo1,
    author       = "C{\'a}ssio Leite Vieira and Marcelo Lopes",
    title        = "A queda do cometa",
    month        = "inverno",
    year         = "1999",
    address      = "Rio de Janeiro",
    number       = "2",
    journal      = "Neo interativa",
    howpublished = "1 CD-ROM"
}

@article{7.7.6.exemplo2,
    author  = "Silva, M. M. L.",
    title   = "Crimes da era digital",
    month   = "09",
    year    = "1998",
    address = "Rio de Janeiro",
    journal = "Net",
    url     = "http://www.brazilnet.com.br/contexts/brasilrevistas.htm",
    urldate = "28-09-1998"
}

@article{7.7.6.exemplo3,
    author    = "Doru Traian Alexandrescu",
    title     = "Melanoma costs",
    subtitle  = "a dynamic model comparing estimated overall costs of various clinical stages",
    month     = "10",
    year      = "2009",
    volume    = "15",
    number    = "11",
    pages     = "1",
    journal = "Dermatol Online Journal",
    url       = "https://pubmed.ncbi.nlm.nih.gov/19951637/",
    urldate   = "03-10-2009"
}

@article{7.7.7.exemplo1,
    author       = "Lu Aiko Otta",
    title        = "Parcela do tesouro nos empr{\'e}stimos do BNDES cresce 566 \% em oito anos",
    journal      = "O Estado de S. Paulo",
    address      = "S{\~a}o Paulo",
    number       = "42656",
    month        = "06",
    year         = "2010",
    pages        = "B1",
    howpublished = "Economia \& Neg{\'o}cios"
}

@article{7.7.7.exemplo2,
    title   = "Cr{\'e}dito {\`a} agropecu{\'a}ria ser{\'a} de R\$ 156 bilh{\~o}es at{\'e} 2015",
    journal = "Jornal de Commercio",
    address = "Rio de Janeiro",
    number  = "156",
    pages   = "A3",
    month   = "04",
    year    = "2014"
}

%% ---------------

@proceedings{7.8.1.exemplo1,
    organization        = "International Symposium on Chemical Changes During Food Processing",
    conference-number   = "2",
    conference-year     = "1984",
    conference-address  = "Valencia",
    title               = "Proceedings [...]",
    address             = "Valencia",
    publisher           = "Instituto de Agroqu{\'i}mica y Tecnolog{\'i}a de Alimentos",
    year                = "1984",
}

@inproceedings{7.8.4.exemplo1,
    author             = "Brayner, A. R. A. and Medeiros, C. B.",
    title              = "Incorpora{\c{c}}{\~a}o do tempo em {SGDB} orientado a objetos",
    booktitle          = "Simp{\'a}sio Brasileiro de Banco de Dados",
    year               = "1994",
    conference-number  = "9",
    conference-year    = "1994",
    conference-address = "S{\~a}o Paulo",
    address            = "S{\~a}o Paulo",
    publisher          = "USP",
    pages              = "16--29"
}